% Encoding: UTF-8
% AAAAAAAAAAAAAAAAAAAAAAAAAAAAAAAAAAAAAAAAAAAAAAAAa

@misc{SPIGA,
    title = {SPIGA: Compute SPI Index using the Methods Genetic Algorithm and
Maximum Likelihood},
    author = {Iv�n Ayala-Bizarro and Jessica Z��iga-Mendoza},
    year = {2016},
    note = {R package version 1.0.0},
    url = {https://CRAN.R-project.org/package=SPIGA},
  }
  
@book{atkins2014physical,
  title={Physical Chemistry: Thermodynamics, structure, and change},
  author={Atkins, Peter and others},
  year={2014},
  publisher={Macmillan Higher Education}
}


% BBBBBBBBBBBBBBBBBBBBBBBBBBBBBBBBBBBBBBBBBBBBBBBBBB

@article{belayneh2012standard,
  title={Standard precipitation index drought forecasting using neural networks, wavelet neural networks, and support vector regression},
  author={Belayneh, A and Adamowski, J},
  journal={Applied Computational Intelligence and Soft Computing},
  volume={2012},
  pages={6},
  year={2012},
  publisher={Hindawi Publishing Corp.}
}

@article{brown1991biomass,
  title={Biomass of tropical forests of south and southeast Asia},
  author={Brown, Sandra and Gillespie, Andrew JR and Lugo, Ariel E},
  journal={Canadian Journal of Forest Research},
  volume={21},
  number={1},
  pages={111--117},
  year={1991},
  publisher={NRC Research Press}
}

@article{burmeister1987south,
  title={The South Korean green revolution: induced or directed innovation?},
  author={Burmeister, Larry L},
  journal={Economic Development and Cultural Change},
  volume={35},
  number={4},
  pages={767--790},
  year={1987},
  publisher={University of Chicago Press}
}


@article{bell2015potentially,
  title={Potentially biogenic carbon preserved in a 4.1 billion-year-old zircon},
  author={Bell, Elizabeth A and Boehnke, Patrick and Harrison, T Mark and Mao, Wendy L},
  journal={Proceedings of the National Academy of Sciences},
  volume={112},
  number={47},
  pages={14518--14521},
  year={2015},
  publisher={National Academy of Sciences}
}

@book{bishop1993group,
  title={Group theory and chemistry},
  author={Bishop, David M},
  year={1993},
  publisher={Courier Corporation}
}

 
@article{andres2011monthly,
  title={Monthly, global emissions of carbon dioxide from fossil fuel consumption},
  author={Andres, Robert Joseph and Gregg, Jay Sterling and Losey, L and Marland, Gregg and Boden, Thomas A},
  journal={Tellus B},
  volume={63},
  number={3},
  pages={309--327},
  year={2011},
  publisher={Wiley Online Library}
} 

@book{boden2011global,
  title={Global, Regional, and National Fossil-Fuel CO2 Emissions},
  author={Boden, T.A. and G. Marland and R.J. Andres},
  year={2011}, 
  publisher={Carbon Dioxide Information Analysis Center, Oak Ridge National Laboratory, U.S. Department of Energy, Oak Ridge, Tenn., U.S.A.},
  http={doi 10.3334/CDIAC/00001_V2011}
}
  
%DDDDDDDDDDDDDDDDDDDDDDDDDDDDDDDDDDDDDDDDDDDDDDDDDdd

@article{de2016copper,
  title={Copper uptake by Pteris melanocaulon F{\'e}e from a Copper-Gold mine in Surigao del Norte, Philippines},
  author={De la Torre, Joseph Benjamin B and Claveria, Rene Juna R and Perez, Rubee Ellaine C and Perez, Teresita R and Doronila, Augustine I},
  journal={International journal of phytoremediation},
  volume={18},
  number={5},
  pages={435--441},
  year={2016},
  publisher={Taylor \& Francis}
}

@article{drasch2001mt,
  title={The Mt. Diwata study on the Philippines 1999�assessing mercury intoxication of the population by small scale gold mining},
  author={Drasch, G and B{\"o}se-O'Reilly, S and Beinhoff, C and Roider, G and Maydl, S},
  journal={Science of the Total Environment},
  volume={267},
  number={1-3},
  pages={151--168},
  year={2001},
  publisher={Elsevier}
}


% FFFFFFFFFFFFFFFFFFFFFFFFFFFFFFFFFFFFFFFFFFFFFFFFFF

@Article{fenner2018,
  author          = {Fenner, Martin},
  title           = {One-click science marketing in 2018},
  journal         = {Missing Journal Name},
  year            = {2018},
  volume          = {11},
  month           = {3},
  container-title = {Nature Materials},
  doi             = {10.1038/nmat3283},
  issue           = {4},
  page            = {261-263},
  publisher       = {Nature Publishing Group},
  timestamp       = {2018.05.13},
  type            = {article-journal},
  url             = {http://dx.doi.org/10.1038/nmat3283},
}

@Article{formation_solar,
  author    = {Montmerle, T and Augereau, Jean-Charles and Chaussidon, Marc and Gounelle, Matthieu and Marty, Bernard and Morbidelli, Alessandro},
  title     = {From Suns to Life: A Chronological Approach to the History of Life on Earth 3. Solar System Formation and Early Evolution: the First 100 Million Years},
  journal   = {Missing Journal Name},
  year      = {2006},
  volume    = {98},
  pages     = {39-95},
  month     = {06},
  booktitle = {Earth Moon and Planets},
  timestamp = {2018.05.13},
}

% HHHHHHHHHHHHHHHHHHHHHHHHHHHHHHHHHHHHHHHHHHHHHHHH

@book{harris1978symmetry,
  title={Symmetry and spectroscopy: an introduction to vibrational and electronic spectroscopy},
  author={Harris, Daniel C and Bertolucci, Michael D},
  year={1978},
  publisher={Courier Corporation}
}

%KKKKKKKKKKKKKKKKKKKKKKKKKKKKKKKKKKKKKKKKKKKK

@Manual{knitr2013,
    title = {knitr: A general-purpose package for dynamic report
      generation in R},
    author = {Yihui Xie},
    year = {2013},
    note = {R package version 1.4.1},
    url = {http://yihui.name/knitr/},
  }





%HHHHHHHHHHHHHHHHHHHHHHHHHHHHHHHHHHHHHHHHHHHHHHHHHHH

@Article{hayashi1985formation,
  author    = {Hayashi, C and Nakazawa, K and Nakagawa, Y},
  title     = {Formation of the solar system},
  journal   = {Missing Journal Name},
  year      = {1985},
  pages     = {1100--1153},
  booktitle = {Protostars and planets II},
  timestamp = {2018.05.13},
}

@book{hamermesh2012group,
  title={Group theory and its application to physical problems},
  author={Hamermesh, Morton},
  year={2012},
  publisher={Dover}
}


% KKKKKKKKKKKKKKKKKKKKKKKKKKKKKKKKKKKKKKKKKKK

@book{kittel1998thermal,
  title={Thermal Physics},
  author={Kittel, Charles and Kroemer, Herbert},
  year={1998},
  publisher={AAPT}
}

@article{kwon2016unusual,
  title={The unusual 2013--2015 drought in South Korea in the context of a multicentury precipitation record: Inferences from a nonstationary, multivariate, Bayesian copula model},
  author={Kwon, Hyun-Han and Lall, Upmanu and Kim, Seong-Joon},
  journal={Geophysical Research Letters},
  volume={43},
  number={16},
  pages={8534--8544},
  year={2016},
  publisher={Wiley Online Library}
}

% OOOOOOOOOOOOOOOOOOOOOOO

@article{owen1992composition,
  title={The composition and early history of the atmosphere of Mars},
  author={Owen, Tobias},
  journal={Mars},
  pages={818--834},
  year={1992}
}


% PPPPPPPPPPPPPPPPPPPPPPPPP

@Article{planetary,
  author       = {---},
  title        = {A Pale Blue Dot},
  note         = {Accessed: 2018-03-02},
  howpublished = {\url{http://www.planetary.org/explore/space-topics/earth/pale-blue-dot.html}},
  timestamp    = {2018.05.15},
}

% RRRRRRRRRRRRRRRRRRRRRRRRRRRRRRRRRRRRRR

@misc{CRAN,
    title = {R: A Language and Environment for Statistical Computing},
    author = {{R Core Team}},
    organization = {R Foundation for Statistical Computing},
    address = {Vienna, Austria},
    year = {2017},
    url = {https://www.R-project.org/},
  }

@misc{rosen2018carbon,
  title={The carbon harvest},
  author={Rosen, Julia},
  year={2018},
  publisher={American Association for the Advancement of Science}
}

% SSSSSSSSSSSSSSSSSSSSSSSSSSSSSSSSSSSSSSSSSSSSSSSS

@book{schroeder1999introduction,
  title={An Introduction to Thermal Physics},
  author={Schroeder, Daniel V},
  year={1999},
  publisher={AAPT}
}

@book{spiro2012chemistry,
  title={Chemistry of the Environment},
  author={Spiro, Thomas G and Purvis-Roberts, Kathleen L and Stigliani, William M},
  year={2012},
  publisher={University Science Books}
}


@book{sagan,
  title = {Pale Blue Dot},
  author = {Sagan, Carl},
  year = {1994},
  publisher = {Random House}
}

@incollection{santos1974mineral,
  title={Mineral distribution and geological features of the Philippines},
  author={Santos, Gabriel},
  booktitle={Metallogenetische und Geochemische Provinzen/Metallogenetic and Geochemical Provinces},
  pages={89--105},
  year={1974},
  publisher={Springer}
}

@article{saidi2015impact,
  title={The impact of CO2 emissions and economic growth on energy consumption in 58 countries},
  author={Saidi, Kais and Hammami, Sami},
  journal={Energy Reports},
  volume={1},
  pages={62--70},
  year={2015},
  publisher={Elsevier}
}



@Article{Shin2014,
author="Shin, Hyung-Jin
and Park, Min-Ji
and Hwang, Soon-Jin
and Park, Jong-Yoon
and Kim, Seong-Joon",
title="Hydrologic impact of climate change with adaptation of vegetation community in a forest-dominant watershed",
journal="Paddy and Water Environment",
year="2014",
month="Aug",
day="01",
volume="12",
number="1",
pages="51-63",
abstract="This study evaluated the impact on watershed hydrology by predicting future forest community change under a climate change scenario. The Soil and Water Assessment Tool (SWAT) was selected and applied to Chungju dam watershed (6,642�km2) of South Korea. The SWAT was calibrated and validated for 6�years (1998--2003) using the daily streamflow data from three locations. For the future evaluation of forest community and hydrology, the MIROC3.2 HiRes monthly climate data were adopted. The future data were corrected using 30�years (1977--2006, baseline period) of measured weather data, and they were daily downscaled by the Long Ashton Research Station-Weather Generator statistical method. To predict the future forest vegetation cover, the baseline forest community was modeled by a multinomial LOGIT model using variables of baseline precipitation, temperature, elevation, degree of base saturation, and soil organic matter, and the future forest community was predicted using the future precipitation and temperature scenario. The future temperature increase of 4.8�{\textdegree}C by 2080s (2070--2099) led to prediction of 30.8�{\%} decrease of mixed forest and 75.8�{\%} increase of coniferous forest compared to the baseline forest community. For the baseline evapotranspiration (ET) of 491.5�mm/year, the 2080s ET under the forest community change was 591.1�mm/year, whereas it was 551.8�mm/year with the remaining forest community stationary. The different ET results considering the future forest community clearly affected the groundwater recharge and streamflow in sequence.",
issn="1611-2504",
doi="10.1007/s10333-014-0426-2",
url="https://doi.org/10.1007/s10333-014-0426-2"
}

% TTTTTTTTTTTTTTTTTTTTTTTTTTTTTTTTTTTTTTTTTTTTTTTTT

@article{TBD,
  title={To Be Determined},
  author={TBD},
  journal={Useful Source},
  volume={TBD},
  number={TBD},
  pages={TBD},
  year={2018},
  publisher={Reputable Source}
}


@book{thorndike1976energy,
  title={Energy and Environment: a Primer for Scientists and Engineers},
  author={Thorndike, Edward H},
  year={1976},
  publisher={Addison-Wesley Publishing Company, Reading, MA}
}

@book{townsend2010baby,
  title={Quantum Physics: A Fundamental Approach to Modern Physics},
  author={Townsend, John S},
  year={2010},
  publisher={University Science Books}
}

@book{townsend2000big,
  title={A Modern Approach to Quantum Mechanics},
  author={Townsend, John S},
  year={2000},
  publisher={University Science Books}
}


% WWWWWWWWWWWWWWWWWWWWWWWWWWWWWWWWWWWWWWWWwwwww


@misc{WBco2,
  author = {{The World Bank}},
  title = {CO2 emissions (metric tons per capita)},
  year = {2018},
  note = {data retrieved from World Development Indicators, 
          \url{https://data.worldbank.org/indicator/EN.ATM.CO2E.PC}},
}

@misc{WBmethane,
  author = {{The World Bank}},
  title = {Methane emissions (% change from 1990)},
  year = {2018},
  note = {data retrieved from World Development Indicators, 
          \url{https://data.worldbank.org/indicator/EN.ATM.METH.ZG}},
}

@article{wielicki2005changes,
  title={Changes in Earth's albedo measured by satellite},
  author={Wielicki, Bruce A and Wong, Takmeng and Loeb, Norman and Minnis, Patrick and Priestley, Kory and Kandel, Robert},
  journal={Science},
  volume={308},
  number={5723},
  pages={825--825},
  year={2005},
  publisher={American Association for the Advancement of Science}
}


@article{USDA2017projections,
  author={{U.S. Department of Agriculture} and {Office of the Chief Economist} and {World Agricultural Outlook Board}},
  title={USDA Agricultural Projections to 2026. Prepared by the Interagency Agricultural Projections Committee.},
  journal={Long-term Projections Report OCE-2017-1, Feb.},
  year={2017}
}


%%%%%%%%%%%%%%%%%%%%%%%%%%%%%%%%%%%%%%%%%%%%%%%%%%%%%
%%%%%%%%%%% Unsorted
%%%%%%%%%%%%%%%%%%%%%%%%%%%%%%%%%%%%%%%%%%%%%%%%%%

@article{ceycoal,
title={Coal Formation},
author = {Cey, Edwin and Hanania, Jordan and Le, Chau and Stenhouse, Kailyn and Donev, Jason},
year={1900},
journal ={University of Calgary}
}

@article{coaltype,
title={How Is Coal Formed - A Process Spanning Eras},
year = {2015},
month = {7},
journal={planeteenergies},
author = {Na, Na}
}

@article{frack,
title={Extracting Crude Oil and Natural Gas},
year={2017},
month={7},
journal={University of York Centre for Industry Education Collaboration},
author={Na, Na}
}

@article{hart2017everything,
title={Everything You Think You Know About Coal in China is Wrong},
author={Hart, Melanie and Bassett, Luke and Johnson, Blaine},
year={2017},
month={5},
journal ={Center for American Progress}
}

@article{yang2013sng,
  title={China's synthetic natural gas revolution},
  author={Yang, Chi-Jen and Jackson, Robert B},
  journal={Nature Climate Change},
  volume={3},
  number={10},
  pages={852},
  year={2013},
  publisher={Nature Publishing Group}
}

@article{minggao2010sust,
  title={On sustainable coal mining in China},
  author={Minggao, Qian},
  journal={Journal of China Coal Society},
  volume={35},
  number={4},
  pages={529--534},
  year={2010}
}

@book{tissot2012petro,
  title={Petroleum formation and occurrence: a new approach to oil and gas exploration},
  author={Tissot, Bernard and Welte, D},
  year={2012},
  publisher={Springer Science \& Business Media}
}

@article{meng2014distance,
  title={Distance: A critical aspect for environmental impact assessment of hydraulic fracking},
  author={Meng, Qingmin and Ashby, Steve},
  journal={The Extractive Industries and Society},
  volume={1},
  number={2},
  pages={124--126},
  year={2014},
  publisher={Elsevier}
}

@InProceedings{wec2013world,
  author       = {World Energy Council},
  title        = {Missing Name},
  booktitle    = {World Energy Resources},
  year         = {2013},
  organization = {World Energy Conference.},
  timestamp    = {2018.05.13},
}

@incollection{kraus1998explor,
  author={Kraus, Richard S},
  title={Exploration, Drilling, and Production of Oil and Natural Gas},
  editor={Stellman, Jeanne Mager},
  booktitle={Encyclopaedia of Occupational Health and Safety},
  year={1998},
  publisher={International Labour Organization},
  chapter ={75}
}

%UNREAD
@article{zhengfu2010environmental,
  title={Environmental issues from coal mining and their solutions},
  author={Zhengfu, BIAN and Inyang, Hilary I and Daniels, John L and Frank, OTTO and Struthers, Sue},
  journal={Mining Science and Technology (China)},
  volume={20},
  number={2},
  pages={215--223},
  year={2010},
  publisher={Elsevier}
}

@article{djamaluddin2011evaluation,
  title={Evaluation of ground movement and damage to structures from Chinese coal mining using a new GIS coupling model},
  author={Djamaluddin, Ibrahim and Mitani, Yasuhiro and Esaki, Tetsuro},
  journal={International Journal of Rock Mechanics and Mining Sciences},
  volume={48},
  number={3},
  pages={380--393},
  year={2011},
  publisher={Elsevier}
}


@book{Kumar2013fuel,
Author = {Kumar, Rakesh},
ISBN = {9781628084122},
Publisher = {Nova Science Publishers, Inc},
Title = {Fossil Fuels : Sources, Environmental Concerns and Waste Management Practices.},
URL = {http://search.ebscohost.com.ccl.idm.oclc.org/login.aspx?direct=true&db=nlebk&AN=611410&site=ehost-live&scope=site},
Year = {2013},
}



@article{bhullar2013climate,
  title={Climate change adaptation and water policy: lessons from Singapore},
  author={Bhullar, Lovleen},
  journal={Sustainable Development},
  volume={21},
  number={3},
  pages={152--159},
  year={2013},
  publisher={Wiley Online Library}}
  
@book{aristotle, place={Princeton, NJ}, title={The complete works of Aristotle: the revised Oxford translation}, publisher={Princeton Univ. Press}, author={Aristotle and Barnes, Jonathan}, year={1984}}

@misc{noaahistory, title={A History of Observing the Weather}, url={https://celebrating200years.noaa.gov/foundations/weather_obs/welcome.html}, journal={NOAA 200th: Weather Observations}, author={US Department of Commerce, National Oceanic and Atmospheric Administration}, year={2006}, month={Dec}}

@article{liverfluke, title={Modeling impacts of climate change on the potential distribution of the carcinogenic liver fluke, Opisthorchis viverrini, in Thailand}, volume={116}, DOI={10.1007/s00436-016-5285-x}, number={1}, journal={Parasitology Research}, author={Suwannatrai, A. and Pratumchart, K. and Suwannatrai, K. and Thinkhamrop, K. and Chaiyos, J. and Kim, C. S. and Suwanweerakamtorn, R. and Boonmars, T. and Wongsaroj, T. and Sripa, B. and et al.}, year={2016}, pages={243�250}}

@article{thailandelectricity, title={Analyzing the Impact of Climate Change on Future Electricity Demand in Thailand}, volume={23}, DOI={10.1109/tpwrs.2008.922254}, number={3}, journal={IEEE Transactions on Power Systems}, author={Parkpoom, S.j. and Harrison, G.p.}, year={2008}, pages={1441�1448}}

@article{singaporedengue, title={The influence of climate variables on dengue in Singapore}, volume={21}, DOI={10.1080/09603123.2011.572279}, number={6}, journal={International Journal of Environmental Health Research}, author={Pinto, Edna and Coelho, Micheline and Oliver, Leuda and Massad, Eduardo}, year={2011}, pages={415�426}}

@article{singaporehongkong, title={Climatic influence on electricity consumption: The case of Singapore and Hong Kong}, volume={127}, DOI={10.1016/j.energy.2017.04.005}, journal={Energy}, author={Ang, B.w. and Wang, H. and Ma, Xiaojing}, year={2017}, pages={534�543}}

@book{meteopastpresent, place={Hoboken, NJ}, title={The evolution of meteorology a look into the past, present, and future of weather forecasting}, publisher={Wiley Blackwell}, author={Teague, Kevin Anthony and Gallicchio, Nicole}, year={2017}}

@article{mesoscale, title={Toward A Mesoscale Observation Network In Southeast Asia}, volume={90}, DOI={10.1175/2008bams2561.1}, number={4}, journal={Bulletin of the American Meteorological Society}, author={Koh, Tieh-Yong and Teo, Chee-Kiat}, year={2009}, pages={481�488}}

@book{meteonumbers, place={Cambridge, Mass}, title={Weather by the numbers: the genesis of modern meteorology}, publisher={The MIT Press}, author={Harper, Kristine}, year={2012}}

@article{swissmeteo, title={Economic and social benefits of meteorology and climatology in Switzerland}, DOI={10.1002/met.156}, journal={Meteorological Applications}, author={Frei, Thomas}, year={2009}}

@book{preparedness, place={Washington}, title={Weather and climate resilience: effective preparedness through national meteorological and hydrological services}, publisher={World Bank Publications}, author={Rogers, David P. and Tsirkunov, Vladimir V.}, year={2013}}

@article{riceindices, title={Observed Trends and Variability in Climate Indices Relevant for Crop Yields in Southeast Asia}, volume={29}, DOI={10.1175/jcli-d-14-00574.1}, number={7}, journal={Journal of Climate}, author={Marjuki and Schrier, Gerard Van Der and Tank, Albert M. G. Klein and Besselaar, Else J.m. Van Den and Nurhayati and Swarinoto, Y. S.}, year={2016}, pages={2651�2669}}

@article{landuse, title={Integrating land use and climate change scenarios and models into assessment of forested watershed services in Southern Thailand}, volume={147}, DOI={10.1016/j.envres.2016.02.019}, journal={Environmental Research}, author={Trisurat, Yongyut and Eawpanich, Piyathip and Kalliola, Risto}, year={2016}, pages={611�620}}

@article{climatechangerice, title={Impact of Climate Change on Rice Production in Thailand}, volume={99}, DOI={10.1257/aer.99.2.205}, number={2}, journal={American Economic Review}, author={Felkner, John and Tazhibayeva, Kamilya and Townsend, Robert}, year={2009}, pages={205�210}}

@article{mountains, title={Agriculture in the Mountains of Northeastern Thailand: Current Situation and Prospects for Development}, volume={34}, DOI={10.1659/mrd-journal-d-13-00121.1}, number={2}, journal={Mountain Research and Development}, author={Choenkwan, Sukanlaya and Fox, Jefferson Metz and Rambo, A. Terry}, year={2014}, pages={95�106}}

@article{butterflies, title={Evaluating the effectiveness of Protected Areas for conserving tropical forest butterflies of Thailand}, volume={144}, DOI={10.1016/j.biocon.2011.07.012}, number={10}, journal={Biological Conservation}, author={Klorvuttimontara, Sravut and Mcclean, Colin J. and Hill, Jane K.}, year={2011}, pages={2534�2540}}

@misc{natgeodef, title={Meteorology}, url={https://www.nationalgeographic.org/encyclopedia/meteorology/}, journal={National Geographic Society}, author={National Geographic Society, .}, year={2012}, month={Oct}}

@misc{britannicaforecasting, title={Weather forecasting}, url={https://www.britannica.com/science/weather-forecasting}, journal={Encyclop�dia Britannica}, publisher={Encyclop�dia Britannica, inc.}, author={Cahir, John J.}, year={2018}, month={Feb}}

@misc{thailandweather, title={Thailand: Annual Weather Averages}, url={http://www.holiday-weather.com/bangkok/averages/}, journal={Weather and temperature averages for Bangkok, Thailand}, author={Holiday Weather, Website}, year={2018}}

@misc{harvardbio, title={Climate Change and Biodiversity Loss}, url={https://chge.hsph.harvard.edu/climate-change-and-biodiversity-loss}, journal={Harvard T.H. Chan School of Public Health}, publisher={Harvard University Center for Health and the Global Environment}, author={Harvard Center for Health and the Global Environment}, year={2018}}

@article{indig, title={Local and indigenous knowledge on climate-related hazards of coastal and small island communities in Southeast Asia}, volume={128}, DOI={10.1007/s10584-014-1288-8}, number={1-2}, journal={Climatic Change}, author={Hiwasaki, Lisa and Luna, Emmanuel and Syamsidik and Mar�al, Jos� Adriano}, year={2014}, pages={35�56}}

@misc{singaporeweather, title={Singapore: Annual Weather Averages}, url={http://www.nea.gov.sg/weather-climate/forecasts/24-hour-forecast}, journal={24 Hour Forecast}, author={National Environment Agency, Singapore}, year={2018}}

@article{urbanheatisland, title={Coping with the impacts of urban heat islands}, volume={171}, DOI={10.1016/j.jclepro.2017.10.086}, journal={Journal of Cleaner Production}, author={Filho, Walter Leal and Icaza, Leyre Echevarria and Neht, Alice and Klavins, Maris and Morgan, Edward A.}, year={2018}, pages={1140�1149}}

@misc{johomaps2006, title={Asia Winter Weather Patterns}, url={http://www.johomaps.com/as/asiawinter.html}, journal={Map of Asia - JohoMaps}, author={JohoMaps, Website}, year={2006}, month={Sep}}

@misc{shaaz2008, title={Causeway Pipeline}, url={https://commons.wikimedia.org/wiki/File:Causeway_pipeline.jpg}, journal={Wikimedia Commons}, publisher={The Wikimedia Foundation}, author={Shaaz, Mohamed}, year={2008}, month={Mar}}

@misc{asean2015, title={ASEAN Cooperation on Climate Change}, url={http://environment.asean.org/asean-working-group-on-climate-change/}, journal={ASEAN Cooperation on Environment}, author={ASEAN, .}, year={2015}, month={Sep}}

@article{aseanbusiness, title={Business Strategy for Climate Change: An ASEAN Perspective}, volume={23}, DOI={10.1002/csr.1371}, number={4}, journal={Corporate Social Responsibility and Environmental Management}, author={Amran, Azlan and Ooi, Say Keat and Wong, Cheng Yew and Hashim, Fathyah}, year={2015}, pages={213�227}}

@article{aseanmalaysia, title={Climate change mitigation: comparative assessment of Malaysian and ASEAN scenarios}, volume={24}, DOI={10.1007/s11356-016-7985-2}, number={3}, journal={Environmental Science and Pollution Research}, author={Rasiah, Rajah and Ahmed, Adeel and Al-Amin, Abul Quasem and Chenayah, Santha}, year={2016}, month={Sep}, pages={2632�2642}}

@misc{tempincrease, title={Temperature Increase}, url={https://globalclimate.ucr.edu/resources.html}, journal={Down To Earth Climate Change - Resources}, author = {Down to Earth Climate Change, .}, year = {2018}}

@misc{climatevsweather, title={National Snow and Ice Data Center}, url={https://nsidc.org/cryosphere/arctic-meteorology/climate_vs_weather.html}, journal={Climate vs. Weather | National Snow and Ice Data Center}, author = {National Snow and Ice Data Center, .}, year={2018}}

@misc{nasaclimaterecords, url={https://www.giss.nasa.gov/projects/gcm/}, journal={NASA}, publisher={NASA}, author={Goddard Institute for Space Studies, .}, year={2018}}

@Article{typhoon,
  author    = {UNISDR},
  title     = {Philippines early warning system saves lives as thousands flee Typhoon Bopha},
  journal   = {UNISDR News},
  year      = {2012},
  timestamp = {2018.05.15},
  url       = {https://www.unisdr.org/archive/29954},
}

@misc{singaporeclimatechange, url={https://www.nccs.gov.sg/climate-change-and-singapore/national-circumstances/impact-of-climate-change-on-singapore}, journal={Impact of Climate Change on Singapore}, author = {National Climate Change Secretariat, .}, year = {2018}}

@misc{floodfailure, title={Thailand Forecast: Floods, Droughts and Political Instability}, url={https://climateandsecurity.org/2011/11/14/thailand-forecast-floods-droughts-and-political-instability/}, journal={The Center for Climate and Security}, author={TCCS}, year={2013}, month={Dec}}

@article{galeandsaunders, title={The 2011 Thailand flood: climate causes and return periods}, volume={68}, DOI={10.1002/wea.2133}, number={9}, journal={Weather}, author={Gale, Emma L. and Saunders, Mark A.}, year={2013}, pages={233�237}}

@article{floodclimate, title={The 2011 Great Flood in Thailand: Climate Diagnostics and Implications from Climate Change}, volume={29}, DOI={10.1175/jcli-d-15-0310.1}, number={1}, journal={Journal of Climate}, author={Promchote, Parichart and Wang, S.-Y. Simon and Johnson, Paul G.}, year={2016}, pages={367�379}}

@misc{singaporenccs, title={Impact of Climate Change on Singapore}, url={https://www.nccs.gov.sg/climate-change-and-singapore/national-circumstances/impact-of-climate-change-on-singapore}, journal={National Climate Change Secretariat}}

@Article{bkkweather,
  author    = {???},
  title     = {1970-2100: panel b - temperature increase},
  journal   = {Missing Journal Name},
  year      = {???},
  doi       = {10.1787/888932570563},
  timestamp = {2018.05.13},
}

@article{turtles, title={Mobilizing Resources for Marine Turtle Conservation in Asia: A Cross-Country Perspective}, DOI={10.1007/978-981-10-0141-3_7}, journal={Marine and Coastal Ecosystem Valuation, Institutions, and Policy in Southeast Asia}, author={Nabangchang-Srisawalak, Orapan and Jianjun, Jin and Indab, Anabeth L. and Thuy, Truong Dang and Harder, Dieldre and Subade, Rodelio F.}, year={2016}, pages={129�142}}

@article{farmerintention, title={Farmers intention and decision to adapt to climate change: A case study in the Yom and Nan basins, Phichit province of Thailand}, volume={143}, DOI={10.1016/j.jclepro.2016.12.058}, journal={Journal of Cleaner Production}, author={Arunrat, Noppol and Wang, Can and Pumijumnong, Nathsuda and Sereenonchai, Sukanya and Cai, Wenjia}, year={2017}, pages={672�685}}

@article{adaptationseasia, title={Adaptation to Climate Change: Needs and Opportunities in Southeast Asia}, volume={25}, DOI={10.1355/ae25-1b}, number={1}, journal={Asean Economic Bulletin}, author={Francisco, Herminia A.}, year={2008}, pages={7�19}}

@article{chineseservice, title={Assessment of the benefits of the Chinese Public Weather Service}, volume={23}, DOI={10.1002/met.1539}, number={1}, journal={Meteorological Applications}, author={Yuan, Huiling and Sun, Min and Wang, Yuan}, year={2015}, month={Jul}, pages={132�139}}

@Article{singaporeaq,
  author    = {Velasco, Erik and Roth, Matthias},
  title     = {Review of Singapores air quality and greenhouse gas emissions: Current situation and opportunities},
  journal   = {Journal of the Air and Waste Management Association},
  year      = {2012},
  volume    = {62},
  number    = {6},
  pages     = {625�641},
  doi       = {10.1080/10962247.2012.666513},
  timestamp = {2018.05.15},
}

@article{singahaze, title={Understanding the Southeast Asian haze}, volume={12}, DOI={10.1088/1748-9326/aa75d5}, number={8}, journal={Environmental Research Letters}, author={G, Karthik K R and Baikie, T and T, Mohan Dass E and Huang, Y Z and Guet, C}, year={2017}, month={Jan}, pages={084018}}

@misc{bbchaze, title={What causes South East Asia's haze?}, url={http://www.bbc.com/news/world-asia-34265922}, journal={BBC News}, publisher={BBC}, author={BBC, .}, year = {2015}}

@InBook{airpolchapter,
  chapter   = {missing},
  pages     = {missing},
  title     = {Climate Change, Air Pollution, and Human Health in Bangkok},
  publisher = {mssing},
  year      = {2018},
  author    = {Langkulsen, Uma and Rwodzi, Desire},
  booktitle = {Climate Change and Air Pollution},
  timestamp = {2018.05.13},
}

@article{singahongkong, title={The Growth of Singapore and Hong Kong in the Face of Climate Change and Environmental Degradation}, volume={64}, journal={University of Chicago Law School International Immersion Program Papers}, author={Robinson, Alexander K}, year={2017}}

@misc{WRIasean, title={ASEAN Countries Must Act Together to Confront Climate Change}, url={http://www.wri.org/blog/2017/11/asean-countries-must-act-together-confront-climate-change}, journal={ World Resources Institute}, author = {World Resources Institute, .}, year = {2017}}

@misc{DW2015, title={What the Paris climate deal means for Southeast Asia }, url={http://www.dw.com/en/what-the-paris-climate-deal-means-for-southeast-asia/a-18927616}, journal={DW.COM}, author={Deutsche Welle, .}, year={2015}}

@misc{monsoonform, title={New Explanation For Monsoon Development Proposed}, url={https://www.sciencedaily.com/releases/2008/07/080721152002.htm}, journal={ScienceDaily}, publisher={ScienceDaily}, year={2008}, month={Jul}}

@misc{enso, url={http://www.bing.com/cr?IG=B157DD0E178A4930AB220AB3E3BEBE63&CID=0F6F6CAD8A7B6321260067498B2B62D8&rd=1&h=bP9tg2EH5aKWI5ndk0-m4AmzUOKyOgJZ7tkTK0m5l08&v=1&r=http://www.nws.noaa.gov/os/hurricane/resources/TropicalCyclones11.pdf&p=DevEx.LB.1,5913.1}}


@misc{elninoindo, title={El Ni�o Brought Drought and Fire to Indonesia}, url={https://www.nasa.gov/feature/goddard/2016/el-nino-brought-drought-and-fire-to-indonesia/}, journal={NASA}, publisher={NASA}, author={Jenner, Lynn}, year={2016}, month={Jan}}

@Article{monsoonfuture,
  author    = {Kitoh, Akio},
  title     = {Asian monsoons in the future},
  journal   = {Springer Praxis Books The Asian Monsoon},
  year      = {???},
  pages     = {631--649},
  doi       = {10.1007/3-540-37722-0_17},
  timestamp = {2018.05.15},
}

@article{monsoonimpact, title={Impact of variability in the Indian summer monsoon on the East Asian summer monsoon}, volume={14}, DOI={10.1002/asl2.408}, number={1}, journal={Atmospheric Science Letters}, author={Greatbatch, Richard J. and Sun, Xuguang and Yang, Xiu-Qun}, year={2013}, pages={14�19}}

@misc{borgen, title={How Climate Change in Thailand Is Impacting Development}, url={https://borgenproject.org/climate-change-in-thailand/}, journal={The Borgen Project}, year={2017}, month={Nov}}

@article{bruun2009environmental,
  title={Environmental consequences of the demise in swidden cultivation in Southeast Asia: carbon storage and soil quality},
  author={Bruun, Thilde Bech and De Neergaard, Andreas and Lawrence, Deborah and Ziegler, Alan D},
  journal={Human Ecology},
  volume={37},
  number={3},
  pages={375--388},
  year={2009},
  publisher={Springer}
}


@article{couwenberg2010greenhouse,
  title={Greenhouse gas fluxes from tropical peatlands in south-east Asia},
  author={Couwenberg, John and Dommain, Rene and Joosten, Hans},
  journal={Global Change Biology},
  volume={16},
  number={6},
  pages={1715--1732},
  year={2010},
  publisher={Wiley Online Library}
}


@article{hooijer2010current,
  title={Current and future CO 2 emissions from drained peatlands in Southeast Asia},
  author={Hooijer, Aljosja and Page, Susan and Canadell, JG and Silvius, Marcel and Kwadijk, J and W{\"o}sten, H and Jauhiainen, J},
  journal={Biogeosciences},
  volume={7},
  number={5},
  pages={1505--1514},
  year={2010},
  publisher={Copernicus GmbH}
}


@book{lieth2012tropical,
  title={Tropical rain forest ecosystems: biogeographical and ecological studies},
  author={Lieth, Helmut and Werger, Merinus JA},
  year={2012},
  publisher={Elsevier}
}

@incollection{houghton1996land,
  title={Land-use change and terrestrial carbon: the temporal record},
  author={Houghton, Richard A},
  booktitle={Forest ecosystems, forest management and the global carbon cycle},
  pages={117--134},
  year={1996},
  publisher={Springer}
}

@article{dixon1994carbon,
  title={Carbon pools and flux of global forest ecosystems},
  author={Dixon, Robert K and Solomon, AM and Brown, Sandra and Houghton, RA and Trexier, MC and Wisniewski, Jan},
  journal={Science},
  volume={263},
  number={5144},
  pages={185--190},
  year={1994},
  publisher={American Association for the Advancement of Science}
}

@article{asio2006morphology,
  title={Morphology, physiochemical characteristics, and fertility of soils from quaternary limestone in Leyte, Philippines},
  author={Asio, Victor B and Cabunos Jr, Carlito C and Chen, Zueng-Sang},
  journal={Soil science},
  volume={171},
  number={8},
  pages={648--661},
  year={2006},
  publisher={LWW}
}

@book{juo2003tropical,
  title={Tropical soils: properties and management for sustainable agriculture},
  author={Juo, Anthony SR and Franzluebbers, Kathrin},
  year={2003},
  publisher={Oxford University Press on Demand}
}

@article{hall2002cenozoic,
  title={Cenozoic geological and plate tectonic evolution of SE Asia and the SW Pacific: computer-based reconstructions, model and animations},
  author={Hall, Robert},
  journal={Journal of Asian Earth Sciences},
  volume={20},
  number={4},
  pages={353--431},
  year={2002},
  publisher={Elsevier}
}

@article{verstappen1997effect,
  title={The effect of climatic change on southeast Asian geomorphology},
  author={Verstappen, Herman Th},
  journal={Journal of Quaternary Science: Published for the Quaternary Research Association},
  volume={12},
  number={5},
  pages={413--418},
  year={1997},
  publisher={Wiley Online Library}
}

@article{chappell2010soil,
  title={Soil pipe distribution and hydrological functioning within the humid tropics: a synthesis},
  author={Chappell, Nick A},
  journal={Hydrological processes},
  volume={24},
  number={12},
  pages={1567--1581},
  year={2010},
  publisher={Wiley Online Library}
}

@article{elsenbeer2001hydrologic,
  title={Hydrologic flowpaths in tropical rainforest soilscapes�a review},
  author={Elsenbeer, Helmut},
  journal={Hydrological Processes},
  volume={15},
  number={10},
  pages={1751--1759},
  year={2001},
  publisher={Wiley Online Library}
}
{chappell2005contrasting,
  title={Contrasting flow pathways within tropical forest slopes of Ultisol soils},
  author={Chappell, Nick A and Sherlock, Mark D},
  journal={Earth Surface Processes and Landforms},
  volume={30},
  number={6},
  pages={735--753},

@article{tian1998effect,
  title={Effect of interannual climate variability on carbon storage in Amazonian ecosystems},
  author={Tian, Hanqin and Melillo, Jerry M and Kicklighter, David W and McGuire, A David and Helfrich III, John VK and Moore III, Berrien and Vo{\`E}ro{\`E}smarty, Charles J},
  journal={Nature},
  volume={396},
  number={6712},
  pages={664},
  year={1998},
  publisher={Nature Publishing Group} }
  
@article{foley2002nino,
  title={El Nino--Southern oscillation and the climate, ecosystems and rivers of Amazonia},
  author={Foley, Jonathan A and Botta, Aur{\'e}lie and Coe, Michael T and Costa, Marcos Heil},
  journal={Global Biogeochemical Cycles},
  volume={16},
  number={4},
  year={2002},
  publisher={Wiley Online Library}
}

@article{peylin2005multiple,
  title={Multiple constraints on regional CO2 flux variations over land and oceans},
  author={Peylin, Philippe and Bousquet, Philippe and Le Qu{\'e}r{\'e}, Corinne and Sitch, Stephen and Friedlingstein, Pierre and McKinley, Galen and Gruber, Nicolas and Rayner, Peter and Ciais, Philippe},
  journal={Global Biogeochemical Cycles},
  volume={19},
  number={1},
  year={2005},
  publisher={Wiley Online Library}
}

@incollection{chappell2007runoff,
  title={Runoff processes in Southeast Asia: role of soil, regolith, and rock type},
  author={Chappell, Nick A and Sherlock, Mark and Bidin, Kawi and Macdonald, Ray and Najman, Yani and Davies, Gemma},
  booktitle={Forest Environments in the Mekong River Basin},
  pages={3--23},
  year={2007},
  publisher={Springer}
}

@Article{chiem1993geo,
  author    = {Chiem, Nguyen Huu},
  title     = {Geo-pedological study of the Mekong Delta},
  journal   = {Missing Journal Name},
  year      = {1993},
  timestamp = {2018.05.13},
}

@Article{kyuma1966major,
  author    = {Kyuma, Kazutake and Kawaguchi, Keizaburo},
  title     = {Major Soils of Southeast Asia and the Classification of Soils under Rice Cultivation: Paddy Soils},
  journal   = {Missing Journal Name},
  year      = {1966},
  timestamp = {2018.05.13},
}

@article{struckmeier2004groundwater,
  title={Groundwater resources of the world},
  author={Struckmeier, W and Gilbrich, WH and Richts, A and Zaepke, M},
  journal={Special edition. BGR, Hannover and UNESCO, Paris},
  year={2004}
}

@article{giang2017spatial,
  title={Spatial and Temporal Responses of Soil Erosion to Climate Change Impacts in a Transnational Watershed in Southeast Asia},
  author={Giang, Pham Quy and Giang, Le Thi and Toshiki, Kosuke},
  journal={Climate},
  volume={5},
  number={1},
  pages={22},
  year={2017},
  publisher={Multidisciplinary Digital Publishing Institute}
}

@article{tripathi2012tropical,
  title={Tropical soil bacterial communities in Malaysia: pH dominates in the equatorial tropics too},
  author={Tripathi, Binu M and Kim, Mincheol and Singh, Dharmesh and Lee-Cruz, Larisa and Lai-Hoe, Ang and Ainuddin, AN and Go, Rusea and Rahim, Raha Abdul and Husni, MHA and Chun, Jongsik and others},
  journal={Microbial ecology},
  volume={64},
  number={2},
  pages={474--484},
  year={2012},
  publisher={Springer}
}

@article{dudal2005soils,
  title={Soils of Southeast Asia},
  author={Dudal, R},
  journal={The Physical Geography of Southeast Asia, 1st ed.; Gupta, A., Ed},
  pages={94--104},
  year={2005}
}

@article{van2007impact,
  title={The impact of agricultural soil erosion on the global carbon cycle},
  author={Van Oost, Kristof and Quine, TA and Govers, Gerard and De Gryze, Steven and Six, J and Harden, JW and Ritchie, JC and McCarty, GW and Heckrath, Goswin and Kosmas, C and others},
  journal={Science},
  volume={318},
  number={5850},
  pages={626--629},
  year={2007},
  publisher={American Association for the Advancement of Science}
}

@article{quinton2010impact,
  title={The impact of agricultural soil erosion on biogeochemical cycling},
  author={Quinton, John N and Govers, Gerard and Van Oost, Kristof and Bardgett, Richard D},
  journal={Nature Geoscience},
  volume={3},
  number={5},
  pages={311},
  year={2010},
  publisher={Nature Publishing Group}
}

@article{heimann2008terrestrial,
  title={Terrestrial ecosystem carbon dynamics and climate feedbacks},
  author={Heimann, Martin and Reichstein, Markus},
  journal={Nature},
  volume={451},
  number={7176},
  pages={289},
  year={2008},
  publisher={Nature Publishing Group}
}

@article{don2011impact,
  title={Impact of tropical land-use change on soil organic carbon stocks--a meta-analysis},
  author={Don, Axel and Schumacher, Jens and Freibauer, Annette},
  journal={Global Change Biology},
  volume={17},
  number={4},
  pages={1658--1670},
  year={2011},
  publisher={Wiley Online Library}
}

@article{cole2007plumbing,
  title={Plumbing the global carbon cycle: integrating inland waters into the terrestrial carbon budget},
  author={Cole, Jonathan J and Prairie, Yves T and Caraco, Nina F and McDowell, William H and Tranvik, Lars J and Striegl, Robert G and Duarte, Carlos M and Kortelainen, Pirkko and Downing, John A and Middelburg, Jack J and others},
  journal={Ecosystems},
  volume={10},
  number={1},
  pages={172--185},
  year={2007},
  publisher={Springer}
}

@article{berhe2007significance,
  title={The significance of the erosion-induced terrestrial carbon sink},
  author={Berhe, Asmeret Asefaw and Harte, John and Harden, Jennifer W and Torn, Margaret S},
  journal={AIBS Bulletin},
  volume={57},
  number={4},
  pages={337--346},
  year={2007},
  publisher={American Institute of Biological Sciences}
}

@article{harden1999dynamic,
  title={Dynamic replacement and loss of soil carbon on eroding cropland},
  author={Harden, JW and Sharpe, JM and Parton, WJ and Ojima, DS and Fries, TL and Huntington, TG and Dabney, SM},
  journal={Global Biogeochemical Cycles},
  volume={13},
  number={4},
  pages={885--901},
  year={1999},
  publisher={Wiley Online Library}
}

@article{jacinthe2002carbon,
  title={Carbon dioxide evolution in runoff from simulated rainfall on long-term no-till and plowed soils in southwestern Ohio},
  author={Jacinthe, P-A and Lal, R and Kimble, JM},
  journal={Soil and Tillage Research},
  volume={66},
  number={1},
  pages={23--33},
  year={2002},
  publisher={Elsevier}
}

@article{van2006element,
  title={Element interactions limit soil carbon storage},
  author={van Groenigen, Kees-Jan and Six, Johan and Hungate, Bruce A and de Graaff, Marie-Anne and Van Breemen, Nico and Van Kessel, Chris},
  journal={Proceedings of the National Academy of Sciences},
  volume={103},
  number={17},
  pages={6571--6574},
  year={2006},
  publisher={National Acad Sciences}
}

@book{bravo2017managing,
  title={Managing forest ecosystems: the challenge of climate change},
  author={Bravo, Felipe and LeMay, Valerie and Jandl, Robert and von Gadow, Klaus},
  volume={34},
  year={2017},
  publisher={Springer}
}

@article{zeng2005terrestrial,
  title={Terrestrial mechanisms of interannual CO2 variability},
  author={Zeng, N and Mariotti, A and Wetzel, P},
  journal={Global biogeochemical cycles},
  volume={19},
  number={1},
  year={2005},
  publisher={Wiley Online Library}
}

@article{ahlstrom2015dominant,
  title={The dominant role of semi-arid ecosystems in the trend and variability of the land CO2 sink},
  author={Ahlstr{\"o}m, Anders and Raupach, Michael R and Schurgers, Guy and Smith, Benjamin and Arneth, Almut and Jung, Martin and Reichstein, Markus and Canadell, Josep G and Friedlingstein, Pierre and Jain, Atul K and others},
  journal={Science},
  volume={348},
  number={6237},
  pages={895--899},
  year={2015},
  publisher={American Association for the Advancement of Science}
}

@article{baillie2001soil,
  title={Soil survey staff 1999, soil taxonomy},
  author={Baillie, IC},
  journal={Soil Use and management},
  volume={17},
  number={1},
  pages={57--60},
  year={2001},
  publisher={Wiley Online Library}
}

@book{soil2003keys,
  title={Keys to soil taxonomy},
  author={Soil Survey Staff},
  year={2003},
  publisher={Department of Agriculture: Natural Resources Conservation Service}
}

@incollection{buol1999oxisols,
  title={Oxisols},
  author={Buol, Stanley W and Eswaran, Hari},
  booktitle={Advances in Agronomy},
  volume={68},
  pages={151--195},
  year={1999},
  publisher={Elsevier}
}

@article{brady2007colloidal,
  title={The colloidal fraction: seat of soil chemical and physical activity},
  author={Brady, NC and Weil, RR},
  journal={The Nature and Properties of Soils, 14th ed. Prentice Hall},
  pages={310--357},
  year={2007}
}

@book{soil2008glossary,
  title={Glossary of soil science terms 2008},
  author={Soil Science Society of America},
  year={2008},
  publisher={ASA-CSSA-SSSA}
}

@article{phadnis2002evolution,
  title={On the evolution of pollution from South and Southeast Asia during the winter-spring monsoon},
  author={Phadnis, Mahesh J and Levy, Hiram and Moxim, Walter J},
  journal={Journal of Geophysical Research: Atmospheres},
  volume={107},
  number={D24},
  year={2002},
  publisher={Wiley Online Library}
}

@book{scherr1999soil,
  title={Soil degradation: a threat to developing-country food security by 2020?},
  author={Scherr, Sara J},
  volume={27},
  year={1999},
  publisher={Intl Food Policy Res Inst}
}

@article{dixon2001nonalcoholic,
  title={Nonalcoholic fatty liver disease: predictors of nonalcoholic steatohepatitis and liver fibrosis in the severely obese},
  author={Dixon, John B and Bhathal, Prithi S and O'brien, Paul E},
  journal={Gastroenterology},
  volume={121},
  number={1},
  pages={91--100},
  year={2001},
  publisher={Elsevier}
}

@Article{cassman1995extrapolating,
  author    = {Cassman, Kenneth G and Pingali, Prabhu L},
  title     = {Extrapolating trends from long-term experiments to farmers' fields: the case of irrigated rice in Asia},
  journal   = {Missing Journal Name},
  year      = {1995},
  publisher = {John Wiley and Sons},
  timestamp = {2018.05.13},
}

@article{schmidt2009assessment,
  title={An assessment of trends in the extent of swidden in Southeast Asia},
  author={Schmidt-Vogt, Dietrich and Leisz, Stephen J and Mertz, Ole and Heinimann, Andreas and Thiha, Thiha and Messerli, Peter and Epprecht, Michael and Van Cu, Pham and Chi, Vu Kim and Hardiono, Martin and others},
  journal={Human Ecology},
  volume={37},
  number={3},
  pages={269},
  year={2009},
  publisher={Springer}
}

@article{de2008soil,
  title={Soil erosion from shifting cultivation and other smallholder land use in Sarawak, Malaysia},
  author={de Neergaard, Andreas and Magid, Jakob and Mertz, Ole},
  journal={Agriculture, Ecosystems \& Environment},
  volume={125},
  number={1-4},
  pages={182--190},
  year={2008},
  publisher={Elsevier}
}

@article{powell20153,
  title={3. The Historical, Environmental and Socio-economic Context of Forests and Tree-based Systems for Food Security and Nutrition},
  author={Powell, Bronwen and Sandbrook, Chris and Sunderland, Terry and Tu, Tran Nam},
  journal={Forests and Food},
  pages={73},
  year={2015}
}

@Article{meehl2007global,
  author    = {Meehl, Gerard A and Stocker, Thomas F and Collins, William D and Friedlingstein, Pierre and Gaye, T and Gregory, Jonathan M and Kitoh, Akio and Knutti, Reto and Murphy, James M and Noda, Akira and others},
  title     = {Global climate projections},
  journal   = {Missing Journal Name},
  year      = {2007},
  publisher = {Cambridge, UK, Cambridge University Press},
  timestamp = {2018.05.13},
}

@article{silver2000potential,
  title={The potential for carbon sequestration through reforestation of abandoned tropical agricultural and pasture lands},
  author={Silver, WL and Ostertag, Rebecca and Lugo, AE},
  journal={Restoration ecology},
  volume={8},
  number={4},
  pages={394--407},
  year={2000},
  publisher={Wiley Online Library}
}

@book{strack2008peatlands,
  title={Peatlands and climate change},
  author={Strack, Maria},
  year={2008},
  publisher={IPS, International Peat Society}
}

@article{qie2017long,
  title={Long-term carbon sink in Borneo�s forests halted by drought and vulnerable to edge effects},
  author={Qie, Lan and Lewis, Simon L and Sullivan, Martin JP and Lopez-Gonzalez, Gabriela and Pickavance, Georgia C and Sunderland, Terry and Ashton, Peter and Hubau, Wannes and Salim, Kamariah Abu and Aiba, Shin-Ichiro and others},
  journal={Nature communications},
  volume={8},
  number={1},
  pages={1966},
  year={2017},
  publisher={Nature Publishing Group}
}


@article{kohl2017impact,
  title={The impact of tree age on biomass growth and carbon accumulation capacity: A retrospective analysis using tree ring data of three tropical tree species grown in natural forests of Suriname},
  author={K{\"o}hl, Michael and Neupane, Prem R and Lotfiomran, Neda},
  journal={PloS one},
  volume={12},
  number={8},
  pages={e0181187},
  year={2017},
  publisher={Public Library of Science}
}



@article{kindermann2008global,
  title={A global forest growing stock, biomass and carbon map based on FAO statistics},
  author={Kindermann, G and McCallum, Ian and Fritz, Steffen and Obersteiner, Michael},
  journal={Silva Fennica},
  volume={42},
  number={3},
  pages={387--396},
  year={2008},
  publisher={Finnish Society of Forest Science}
}




@incollection{stenberg2010visible,
  title={Visible and near infrared spectroscopy in soil science},
  author={Stenberg, Bo and Rossel, Raphael A Viscarra and Mouazen, Abdul Mounem and Wetterlind, Johanna},
  booktitle={Advances in agronomy},
  volume={107},
  pages={163--215},
  year={2010},
  publisher={Elsevier}
}

@inproceedings{marshall1988environmental,
  title={Environmental factors affecting plant productivity},
  author={MARSHALL, R HAFERKAMP},
  booktitle={Fort Keogh research symposium},
  volume={1},
  pages={27--32},
  year={1988}
}

@InCollection{chatzistathis2013soil,
  author    = {Chatzistathis, Theocharis and Therios, Ioannis},
  title     = {How soil nutrient availability influences plant biomass and how biomass stimulation alleviates heavy metal toxicity in soils: The cases of nutrient use efficient genotypes and phytoremediators, respectively},
  booktitle = {Biomass Now-Cultivation and Utilization},
  publisher = {InTech},
  year      = {2013},
  pages     = {missing pages},
  timestamp = {2018.05.15},
}

@book{corlett2014ecology,
  title={The ecology of tropical East Asia},
  author={Corlett, Richard},
  year={2014},
  publisher={Oxford University Press (UK)}
}


@book{hutchison1989geological,
  title={Geological evolution of South-east Asia},
  author={Hutchison, Charles Strachan and others},
  volume={13},
  year={1989},
  publisher={Clarendon Press Oxford}
}


@article{ruimy1996turc,
  title={TURC: A diagnostic model of continental gross primary productivity and net primary productivity},
  author={Ruimy, Anne and Dedieu, G{\'e}rard and Saugier, Bernard},
  journal={Global Biogeochemical Cycles},
  volume={10},
  number={2},
  pages={269--285},
  year={1996},
  publisher={Wiley Online Library}
}


@article{delucia2007forest,
  title={Forest carbon use efficiency: is respiration a constant fraction of gross primary production?},
  author={DeLUCIA, EVAN and Drake, John E and Thomas, Richard B and GONZALEZ-MELER, MIQUEL},
  journal={Global Change Biology},
  volume={13},
  number={6},
  pages={1157--1167},
  year={2007},
  publisher={Wiley Online Library}
}


@article{shiva1993monocultures,
  title={Monocultures of the Mind},
  author={Shiva, Vandana},
  journal={Trumpeter},
  volume={10},
  number={4},
  year={1993}
}



@book{brown1994causes,
  title={The causes of tropical deforestation: the economic and statistical analysis of factors giving rise to the loss of the tropical forests},
  author={Brown, David W},
  year={1994},
  publisher={UBC Press}
}

@Article{brown2003state,
  author    = {Brown, Chris and Durst, Patrick B and Asia-Pacific Forestry Commission and others},
  title     = {State of forestry in Asia and the Pacific, 2003. Status, changes and trends},
  journal   = {Missing Journal Name},
  year      = {2003},
  publisher = {Bangkok (Thailand) FAO},
  timestamp = {2018.05.13},
}



@article{gower1999direct,
  title={Direct and indirect estimation of leaf area index, fAPAR, and net primary production of terrestrial ecosystems},
  author={Gower, Stith T and Kucharik, Chris J and Norman, John M},
  journal={Remote sensing of environment},
  volume={70},
  number={1},
  pages={29--51},
  year={1999},
  publisher={Elsevier}
}


@article{jackson1997global,
  title={A global budget for fine root biomass, surface area, and nutrient contents},
  author={Jackson, R\_B and Mooney, HA and Schulze, E-D},
  journal={Proceedings of the National Academy of Sciences},
  volume={94},
  number={14},
  pages={7362--7366},
  year={1997},
  publisher={National Acad Sciences}
}


@article{houghton2005aboveground,
  title={Aboveground forest biomass and the global carbon balance},
  author={Houghton, RA},
  journal={Global change biology},
  volume={11},
  number={6},
  pages={945--958},
  year={2005},
  publisher={Wiley Online Library}
}

@Article{faoun163agriculture,
  author    = {FAOUN, Food},
  title     = {Agriculture Organization of the United Nations, Global Forest Resources Assessment 2010: Main Report},
  journal   = {FAO Forestry Paper},
  year      = {xxx},
  volume    = {163},
  timestamp = {2018.05.13},
}


@article{gullison2007tropical,
  title={Tropical forests and climate policy},
  author={Gullison, Raymond E and Frumhoff, Peter C and Canadell, Josep G and Field, Christopher B and Nepstad, Daniel C and Hayhoe, Katherine and Avissar, Roni and Curran, Lisa M and Friedlingstein, Pierre and Jones, Chris D and others},
  journal={SCIENCE-NEW YORK THEN WASHINGTON-},
  volume={316},
  number={5827},
  pages={985},
  year={2007},
  publisher={American Association for the Advancement of Science}
}


@article{lasco2002forest,
  title={Forest carbon budgets in Southeast Asia following harvesting and land cover change},
  author={Lasco, Rodel D},
  journal={SCIENCE IN CHINA SERIES C LIFE SCIENCES-ENGLISH EDITION-},
  volume={45},
  number={SUPP},
  pages={55--64},
  year={2002}
}


@article{sodhi2004southeast,
  title={Southeast Asian biodiversity: an impending disaster},
  author={Sodhi, Navjot S and Koh, Lian Pin and Brook, Barry W and Ng, Peter KL},
  journal={Trends in ecology \& evolution},
  volume={19},
  number={12},
  pages={654--660},
  year={2004},
  publisher={Elsevier}
}


@article{hawthorne2011impact,
  title={The impact of logging damage on tropical rainforests, their recovery and regeneration an annotated bibliography},
  author={Hawthorne, WD and Marshall, CAM and Abu Juam, M and Agyeman, VK},
  journal={DFID, ITTO. 140pp},
  year={2011}
}


@article{de1989economic,
  title={The economic value of non-timber forest products in Southeast Asia: with emphasis on Indonesia, Malaysia and Thailand.},
  author={De Beer, Jenne H and McDermott, Melanie J and others},
  journal={The economic value of non-timber forest products in Southeast Asia: with emphasis on Indonesia, Malaysia and Thailand.},
  year={1989},
  publisher={Netherlands committee for IUCN}
}


@book{hong1987natives,
  title={Natives of Sarawak: survival in Borneo's vanishing forest.},
  author={Hong, Evelyn and others},
  year={1987},
  publisher={Institut Masyarakat Berhad}
}



@article{cardinale2007impacts,
  title={Impacts of plant diversity on biomass production increase through time because of species complementarity},
  author={Cardinale, Bradley J and Wright, Justin P and Cadotte, Marc W and Carroll, Ian T and Hector, Andy and Srivastava, Diane S and Loreau, Michel and Weis, Jerome J},
  journal={Proceedings of the National Academy of Sciences},
  volume={104},
  number={46},
  pages={18123--18128},
  year={2007},
  publisher={National Acad Sciences}
}


@article{reich2012impacts,
  title={Impacts of biodiversity loss escalate through time as redundancy fades},
  author={Reich, Peter B and Tilman, David and Isbell, Forest and Mueller, Kevin and Hobbie, Sarah E and Flynn, Dan FB and Eisenhauer, Nico},
  journal={Science},
  volume={336},
  number={6081},
  pages={589--592},
  year={2012},
  publisher={American Association for the Advancement of Science}
}

@article{king1993politik,
  title={Politik pembangunan: the political economy of rainforest exploitation and development in Sarawak, East Malaysia},
  author={King, Victor T},
  journal={Global Ecology and Biogeography Letters},
  pages={235--244},
  year={1993},
  publisher={JSTOR}
}

@article{setiawan2018preventing,
  title={Preventing Global Extinction of the Javan Rhino: Tsunami Risk and Future Conservation Direction},
  author={Setiawan, Ridwan and Gerber, Brian D and Rahmat, Ujang Mamat and Daryan, Daryan and Firdaus, Asep Yayus and Haryono, Mohammad and Khairani, Kurnia Okhtavia and Kurniawan, Yuyun and Long, Barney and Lyet, Arnaud and others},
  journal={Conservation Letters},
  volume={11},
  number={1},
  pages={e12366},
  year={2018},
  publisher={Wiley Online Library}
}


@article{brook2014lessons,
  title={Lessons learned from the loss of a flagship: The extinction of the Javan rhinoceros Rhinoceros sondaicus annamiticus from Vietnam},
  author={Brook, Sarah Maria and Dudley, Nigel and Mahood, Simon Peter and Polet, Gert and Williams, A Christy and Duckworth, JW and Van Ngoc, Thinh and Long, Barney},
  journal={Biological Conservation},
  volume={174},
  pages={21--29},
  year={2014},
  publisher={Elsevier}
}



@book{mawalagedara2013climatic,
  title={The climatic effects of deforestation in South and Southeast Asia},
  author={Mawalagedara, Rachindra K},
  year={2013},
  publisher={The University of Nebraska-Lincoln}
}




@article{humphrey1999relationships,
  title={Relationships between insect diversity and habitat characteristics in plantation forests},
  author={Humphrey, JW and Hawes, C and Peace, AJ and Ferris-Kaan, R and Jukes, MR},
  journal={Forest ecology and management},
  volume={113},
  number={1},
  pages={11--21},
  year={1999},
  publisher={Elsevier}
}


@book{noss1994saving,
  title={Saving nature's legacy: protecting and restoring biodiversity},
  author={Noss, Reed F and Cooperrider, Allen},
  year={1994},
  publisher={Island Press}
}


@book{sunderland2012evidence,
  title={Evidence-based conservation: lessons from the lower Mekong},
  author={Sunderland, Terry CH and Sayer, Jeffrey and Ha, Hoang Thi Minh},
  year={2012},
  publisher={Routledge}
}


@misc{carlson2013refined,
  title={Refined carbon accounting for oil palm agriculture: disentangling potential contributions of indirect emissions and smallholder farmers},
  author={Carlson, Kimberly M and Curran, Lisa M},
  year={2013},
  publisher={Taylor \& Francis}
}

@book{benyus1997biomimicry,
  title={Biomimicry: Innovation inspired by nature},
  author={Benyus, Janine M},
  year={1997},
  publisher={Morrow New York}
}

@Article{china_ecovillage,
  author    = {author?},
  title     = {title?},
  journal   = {www.theage.com.au},
  year      = {???},
  data      = {Accessed: May 01, 2018},
  publisher = {The Age},
  timestamp = {2018.05.13},
  url       = {https://www.theage.com.au/news/world/chinas-first-ecovillage-proves-a-hard-sell/2006/08/25/1156012740582.html?page=fullpage},
}

@Article{wellcertification,
  author    = {Arup},
  title     = {Arup},
  journal   = {'s Cork office becomes first in Ireland to achieve leading-edge WELL Certification},
  year      = {???},
  timestamp = {2018.05.13},
  url       = {https://www.arup.com/projects/chinese-national-stadium},
}
  data={Accessed: May 01, 2018}
}

@Article{Stadium,
  author    = {Bell, Terence},
  title     = {What Is the Bird's Nest Stadium?},
  journal   = {The Balance},
  year      = {xxx},
  data      = {Accessed: May 01, 2018},
  publisher = {The Balance},
  timestamp = {2018.05.13},
  url       = {https://www.thebalance.com/beijing-s-bird-s-nest-stadium-2340205},
}

@Article{earthsky,
  author    = {earthsky},
  title     = {Brent Constantz builds cement like corals do},
  journal   = {EarthSky},
  year      = {xxx},
  data      = {Accessed: May 01, 2018},
  timestamp = {2018.05.13},
  url       = {http://earthsky.org/human-world/brent-constantz-builds-cement-like-coral-do},
}

@Article{csiro,
  author    = {CSIRO},
  title     = {China --- The Rise of The Green City},
  journal   = {ScienceAlert},
  year      = {xxx},
  data      = {Accessed: May 01, 2018},
  timestamp = {2018.05.13},
  url       = {http://www.sciencealert.com.au/features/20080105-17263.html},
}

@Article{ecobusiness,
  author    = {Eco-Business},
  title     = {Biomimicry incubators: the business case for conservation},
  journal   = {Eco-Business},
  year      = {???},
  data      = {Accessed: May 01, 2018},
  timestamp = {2018.05.13},
  url       = {http://www.eco-business.com/opinion/biomimicry-incubators-business-case-conservation/},
}
  
  
@article{cities_nature, 
  author={worldcat},
  title={Ecocities : building cities in balance with nature}, 
  url={http://www.worldcat.org/title/ecocities-building-cities-in-balance-with-nature/oclc/48558979?referer=brief_results}, 
  journal={Find in a library with WorldCat}, 
  year={2018}, 
  month={Mar},
  data={Accessed: May 01, 2018}
  }

@Article{biomimicrytoolbox,
  author    = {Jenine Benyus},
  title     = {Function and Strategy},
  journal   = {Biomimicry Toolbox},
  year      = {???},
  data      = {Accessed: May 01, 2018},
  timestamp = {2018.05.13},
  url       = {https://toolbox.biomimicry.org/core-concepts/function-and-strategy/},
}

@Article{how_cement_is_made,
  author    = {unknown},
  title     = {How Cement is Made},
  journal   = {How Cement Is Made},
  year      = {???},
  data      = {Accessed: May 01, 2018},
  timestamp = {2018.05.13},
  url       = {http://www.cement.org/cement-concrete-applications/how-cement-is-made},
}

@Article{about_me,
  author    = {Shannon May},
  title     = {Huangbaiyu},
  journal   = {About me},
  year      = {???},
  data      = {Accessed: May 01, 2018},
  timestamp = {2018.05.13},
  url       = {http://www.shannonmay.com/Huangbaiyu.html},
}
		
		% AAAAAAAAAAAAAAAAAAAAAAAAAAAAAAAAAAAAAAAAAAAAAAAAa

@Book{Atkins2014,
  title     = {Physical Chemistry: Thermodynamics, structure, and change},
  publisher = {Macmillan Higher Education},
  year      = {2014},
  author    = {Atkins, Peter and others},
  timestamp = {2018.05.13},
}

% BBBBBBBBBBBBBBBBBBBBBBBBBBBBBBBBBBBBBBBBBBBBBBBBBB

@incollection{bashkin2002nitrogen,
  title={Nitrogen budgets for the Republic of Korea and the Yellow Sea region},
  author={Bashkin, VN and Park, SU and Choi, MS and Lee, CB},
  booktitle={The Nitrogen Cycle at Regional to Global Scales},
  pages={387--403},
  year={2002},
  publisher={Springer}
}

@article{bae2008long,
  title={Long-term trend of precipitation and runoff in Korean river basins},
  author={Bae, Deg-Hyo and Jung, Il-Won and Chang, Heejun},
  journal={Hydrological processes},
  volume={22},
  number={14},
  pages={2644--2656},
  year={2008},
  publisher={Wiley Online Library}
}

@Article{Bell2015,
  author    = {Bell, Elizabeth A and Boehnke, Patrick and Harrison, T Mark and Mao, Wendy L},
  title     = {Potentially biogenic carbon preserved in a 4.1 billion-year-old zircon},
  journal   = {Proceedings of the National Academy of Sciences},
  year      = {2015},
  volume    = {112},
  number    = {47},
  pages     = {14518--14521},
  publisher = {National Academy of Sciences},
  timestamp = {2018.05.13},
}

@Book{Bishop1993,
  title     = {Group theory and chemistry},
  publisher = {Courier Corporation},
  year      = {1993},
  author    = {Bishop, David M},
  timestamp = {2018.05.13},
}

%CCCCCCCCCCCCCCCCCCCCCCCCCCCCCCCCCCCCCCCCCCCCCCCC



@article{chae2008hydrochemistry,
  title={Hydrochemistry of urban groundwater, Seoul, Korea: The impact of subway tunnels on groundwater quality},
  author={Chae, Gi-Tak and Yun, Seong-Taek and Choi, Byoung-Young and Yu, Soon-Young and Jo, Ho-Young and Mayer, Bernhard and Kim, Yun-Jong and Lee, Jin-Yong},
  journal={Journal of contaminant hydrology},
  volume={101},
  number={1-4},
  pages={42--52},
  year={2008},
  publisher={Elsevier}
}

@article{cho2018geology,
  title={Geology of the 2018 Winter Olympic site, Pyeongchang, Korea},
  author={Cho, Moonsup and Min, Kyoungwon and Kim, Hyeoncheol},
  journal={International Geology Review},
  volume={60},
  number={3},
  pages={267--287},
  year={2018},
  publisher={Taylor \& Francis}
}

@article{chung2016aesthetics,
  title={Aesthetics of Korean foods: the symbol of Korean culture},
  author={Chung, Hae-Kyung and Yang, Hye Jeong and Shin, Dayeon and Chung, Kyung Rhan},
  journal={Journal of Ethnic Foods},
  volume={3},
  number={3},
  pages={178--188},
  year={2016},
  publisher={Elsevier}
}


%DDDDDDDDDDDDDDDDDDDDDDDDDDDDDDDDDDDDDDDDDDDDDDDDDdd

@article{dalton2009feeding,
  title={Feeding the dictator or making a difference? The experiences of international aid and development agencies in North Korea 1995-2005},
  author={Dalton, BM and Jung, Kyungja},
  journal={The International Review of Korean Studies},
  year={2009},
  publisher={University of New South Wales}
}

@Article{DelaTorre2016,
  author    = {De la Torre, Joseph Benjamin B and Claveria, Rene Juna R and Perez, Rubee Ellaine C and Perez, Teresita R and Doronila, Augustine I},
  title     = {Copper uptake by Pteris melanocaulon F{\'e}e from a Copper-Gold mine in Surigao del Norte, Philippines},
  journal   = {International journal of phytoremediation},
  year      = {2016},
  volume    = {18},
  number    = {5},
  pages     = {435--441},
  publisher = {Taylor \& Francis},
  timestamp = {2018.05.13},
}

@Article{Drasch2001,
  author    = {Drasch, G and B{\"o}se-O'Reilly, S and Beinhoff, C and Roider, G and Maydl, S},
  title     = {The Mt. Diwata study on the Philippines 1999—assessing mercury intoxication of the population by small scale gold mining},
  journal   = {Science of the Total Environment},
  year      = {2001},
  volume    = {267},
  number    = {1-3},
  pages     = {151--168},
  publisher = {Elsevier},
  timestamp = {2018.05.13},
}


% FFFFFFFFFFFFFFFFFFFFFFFFFFFFFFFFFFFFFFFFFFFFFFFFFF

@Article{Fenner2018,
  author          = {Fenner, Martin},
  title           = {One-click science marketing in 2018},
  journal         = {Missing Journal Name},
  year            = {2018},
  volume          = {11},
  month           = {3},
  container-title = {Nature Materials},
  doi             = {10.1038/nmat3283},
  issue           = {4},
  page            = {261-263},
  publisher       = {Nature Publishing Group},
  timestamp       = {2018.05.13},
  type            = {article-journal},
  url             = {http://dx.doi.org/10.1038/nmat3283},
}

% HHHHHHHHHHHHHHHHHHHHHHHHHHHHHHHHHHHHHHHHHHHHHHHH

@article{habib10dprk,
  title={DPRK Meets UNFCCC: An Introduction to North Korea's Interactions with the International Climate Change Regime},
  year={2013},
  author={Habib, Benjamin},
  journal={International Review of Korean Studies},
  volume={10},
  number={1},
  pages={65--90}
}

@Book{Harris1978,
  title     = {Symmetry and spectroscopy: an introduction to vibrational and electronic spectroscopy},
  publisher = {Courier Corporation},
  year      = {1978},
  author    = {Harris, Daniel C and Bertolucci, Michael D},
  timestamp = {2018.05.13},
}

@article{hong2012new,
  title={New and renewable energy law and policy},
  author={Hong, S and Jung, D},
  journal={Seoul: Bobmunsa},
  year={2012}
}

@article{he2017there,
  title={Is there decentralization in North Korea? Evidence and lessons from the sloping land management program 2004--2014},
  author={He, Jun and Xu, Jianchu},
  journal={Land Use Policy},
  volume={61},
  pages={113--125},
  year={2017},
  publisher={Elsevier}
}


%IIIIIIIIIIIIIIIIIIIIIIIIIIIIIIIIIIIIIIIIIIIIIIIIIIII

@misc{IFAD:1998,
  title={FOA/GIEWS Special Report on Korea DPRK. Report on implementation of Crop and Livestock Rehabilitation in the Democratic People's Republic of Korea, Executive Board Meeting, Sixty-fifth Session, Rome, Itally, December 2-3},
  author={{International Fund for Agricultural Development}},
  volume={EB 98/65/R.17},
  pages={},
  year={1998}
}



%JJJJJJJJJJJJJJJJJJJJJJJJJJJJJJJJJJJJJJJJJJJJJJJJ

@article{jeong2016irrigation,
  title={Irrigation water quality standards for indirect wastewater reuse in agriculture: a contribution toward sustainable wastewater reuse in South Korea},
  author={Jeong, Hanseok and Kim, Hakkwan and Jang, Taeil},
  journal={Water},
  volume={8},
  number={4},
  pages={169},
  year={2016},
  publisher={Multidisciplinary Digital Publishing Institute}
}


%KKKKKKKKKKKKKKKKKKKKKKKKKKKKKKKKKKKKKKKKKKKK

@article{kobayashi1933sketch,
  title={A sketch of Korean geology},
  author={Kobayashi, Teiichi},
  journal={American Journal of Science},
  number={156},
  pages={585--606},
  year={1933},
  publisher={American Journal of Science}
}

@Manual{Xie2013,
  title     = {knitr: A general-purpose package for dynamic report generation in R},
  author    = {Yihui Xie},
  year      = {2013},
  note      = {R package version 1.4.1},
  timestamp = {2018.05.13},
  url       = {http://yihui.name/knitr/},
}

@article{kusky2014flat,
  title={Flat slab subduction, trench suction, and craton destruction: comparison of the North China, Wyoming, and Brazilian cratons},
  author={Kusky, Timothy M and Windley, Brian F and Wang, Lu and Wang, Zhensheng and Li, Xiaoyong and Zhu, Peimin},
  journal={Tectonophysics},
  volume={630},
  pages={208--221},
  year={2014},
  publisher={Elsevier}
}

%LLLLLLLLLLLLLLLLLLLLLLLLLLLLLLLLLLLLLLLLLLLL

@article{lee2007hydrological,
  title={Hydrological effects of climate change, groundwater withdrawal, and land use in a small Korean watershed},
  author={Lee, Kil Seong and Chung, Eun-Sung},
  journal={Hydrological Processes},
  volume={21},
  number={22},
  pages={3046--3056},
  year={2007},
  publisher={Wiley Online Library}
}

@article{liu1992remnants,
  title={Remnants of ≥ 3800 Ma crust in the Chinese part of the Sino-Korean craton},
  author={Liu, DY and Nutman, AP and Compston, W and Wu, JS and Shen, Q Hs},
  journal={Geology},
  volume={20},
  number={4},
  pages={339--342},
  year={1992},
  publisher={Geological Society of America}
}

%HHHHHHHHHHHHHHHHHHHHHHHHHHHHHHHHHHHHHHHHHHHHHHHHHHH

@Article{Hayashi1985,
  author    = {Hayashi, C and Nakazawa, K and Nakagawa, Y},
  title     = {Formation of the solar system},
  journal   = {Missing Journal Name},
  year      = {1985},
  pages     = {1100--1153},
  booktitle = {Protostars and planets II},
  timestamp = {2018.05.13},
}

@Book{Hamermesh2012,
  title     = {Group theory and its application to physical problems},
  publisher = {Dover},
  year      = {2012},
  author    = {Hamermesh, Morton},
  timestamp = {2018.05.13},
}


% KKKKKKKKKKKKKKKKKKKKKKKKKKKKKKKKKKKKKKKKKKK

@article{kikuchi1978agricultural,
  title={Agricultural growth against a land resource constraint: a comparative history of Japan, Taiwan, Korea, and the Philippines},
  author={Kikuchi, Masao and Hayami, Yujiro},
  journal={The Journal of Economic History},
  volume={38},
  number={4},
  pages={839--864},
  year={1978},
  publisher={Cambridge University Press}
}

@article{kim2001eutrophication,
  title={Eutrophication of reservoirs in South Korea},
  author={Kim, Bomchul and Park, J-H and Hwang, Gilson and Jun, M-S and Choi, Kwangsoon},
  journal={Limnology},
  volume={2},
  number={3},
  pages={223--229},
  year={2001},
  publisher={Springer}
}

@article{kim2018comparison,
  title={A Comparison of the Water Environment Policy of Europe and South Korea in Response to Climate Change},
  author={Kim, Heejung and Lee, Kang-Kun},
  journal={Sustainability},
  volume={10},
  number={2},
  pages={384},
  year={2018},
  publisher={Multidisciplinary Digital Publishing Institute}
}

@article{kim2016korean,
  title={Korean diet: characteristics and historical background},
  author={Kim, Soon Hee and Kim, Myung Sunny and Lee, Myoung Sook and Park, Yong Soon and Lee, Hae Jeong and Kang, Soon-ah and Lee, Hyun Sook and Lee, Kyung-Eun and Yang, Hye Jeong and Kim, Min Jung and others},
  journal={Journal of Ethnic Foods},
  volume={3},
  number={1},
  pages={26--31},
  year={2016},
  publisher={Elsevier}
}

@article{kim2015co,
  title={The co-evolution of rural tourism and sustainable rural development in Hongdong, Korea: complexity, conflict and local response},
  author={Kim, Soyeun and Jamal, Tazim},
  journal={Journal of Sustainable Tourism},
  volume={23},
  number={8-9},
  pages={1363--1385},
  year={2015},
  publisher={Taylor \& Francis}
}

@article{kim2015quantification,
  title={Quantification of nitrate sources in groundwater using hydrochemical and dual isotopic data combined with a Bayesian mixing model},
  author={Kim, Kyoung-Ho and Yun, Seong-Taek and Mayer, Bernhard and Lee, Jeong-Ho and Kim, Tae-Seung and Kim, Hyun-Koo},
  journal={Agriculture, Ecosystems \& Environment},
  volume={199},
  pages={369--381},
  year={2015},
  publisher={Elsevier}
}

@Book{Kittel1998,
  title     = {Thermal Physics},
  publisher = {AAPT},
  year      = {1998},
  author    = {Kittel, Charles and Kroemer, Herbert},
  timestamp = {2018.05.13},
}

@article{koh2010land,
  title={Land-use controls on sources and fate of nitrate in shallow groundwater of an agricultural area revealed by multiple environmental tracers},
  author={Koh, Dong-Chan and Mayer, Bernhard and Lee, Kwang-Sik and Kyung-Seok, Ko},
  journal={Journal of contaminant hydrology},
  volume={118},
  number={1-2},
  pages={62--78},
  year={2010},
  publisher={Elsevier}
}

%LLLLLLLLLLLLLLLLLLLLLLLLLLLLLLLLLLLLLLLL

@article{lee2017unexpected,
  title={Unexpected nationwide nitrate declines in groundwater of Korea},
  author={Lee, Jin-Yong and Kwon, Kideok D and Park, Yu-Chul and Jeon, Woo-Hyun},
  journal={Hydrological Processes},
  volume={31},
  number={26},
  pages={4693--4704},
  year={2017},
  publisher={Wiley Online Library}
}

%MMMMMMMMMMMMMMMMMMMMMMMMMMMMMMMMMMMMM

@article{min2003geologic,
  title={Geologic controls on the chemical behaviour of nitrate in riverside alluvial aquifers, Korea},
  author={Min, Joong-Hyuk and Yun, Seong-Taek and Kim, Kangjoo and Kim, Hyoung-Soo and Kim, Dong-Ju},
  journal={Hydrological Processes},
  volume={17},
  number={6},
  pages={1197--1211},
  year={2003},
  publisher={Wiley Online Library}
}

@misc{milne2017nuclear,
  title={Nuclear theory degree zero, with two cheers for Derrida},
  author={Milne, Drew and Kinsella, John},
  year={2017},
  publisher={Taylor \& Francis}
}


%NNNNNNNNNNNNNNNNNNNNNNNNNNNNNNNNNNNNNNNNNNN

@article{nam2015has,
  title={Has climate change already affected the spatial distribution and temporal trends of reference evapotranspiration in South Korea?},
  author={Nam, Won-Ho and Hong, Eun-Mi and Choi, Jin-Yong},
  journal={Agricultural Water Management},
  volume={150},
  pages={129--138},
  year={2015},
  publisher={Elsevier}
}

@article{nam2015drought,
  title={Drought hazard assessment in the context of climate change for South Korea},
  author={Nam, Won-Ho and Hayes, Michael J and Svoboda, Mark D and Tadesse, Tsegaye and Wilhite, Donald A},
  journal={Agricultural Water Management},
  volume={160},
  pages={106--117},
  year={2015},
  publisher={Elsevier}
}

%00000000000000000000000000000000000000000

%RRRRRRRRRRRRRRRRRRRRRRRRRRRRRRRRRRRRRRRRRR

@article{ree1996possible,
  title={Possible eastward extension of Chinese collision belt in South Korea: the Imjingang belt},
  author={Ree, Jin-Han and Cho, Moonsup and Kwon, Sung-Tack and Nakamura, Eizo},
  journal={Geology},
  volume={24},
  number={12},
  pages={1071--1074},
  year={1996},
  publisher={Geological Society of America}
}

@article{rhie2017assessing,
  title={Assessing the Limits of Agricultural Situation for the Food Security in North Korea},
  author={Rhie, Ja-Hyun and Lee, Kyo-Suk and Seo, Il-Hwan and Min, Se-Won and Chung, Doug-Young},
  journal={Korean Journal of Soil Science and Fertilizer},
  volume={50},
  number={4},
  pages={275--284},
  year={2017}
}



% SSSSSSSSSSSSSSSSSSSSSSSSSSSSSSSSSSSSSSSSSSSSSSSS

@book{szeman2017energy,
  title={Energy Humanities: An Anthology},
  author={Szeman, Imre and Boyer, Dominic},
  year={2017},
  publisher={JHU Press}
}

@article{suh2015communitarian,
  title={Communitarian cooperative organic rice farming in Hongdong District, South Korea},
  author={Suh, Jungho},
  journal={Journal of Rural Studies},
  volume={37},
  pages={29--37},
  year={2015},
  publisher={Elsevier}
}

@Book{Schroeder1999,
  title     = {An Introduction to Thermal Physics},
  publisher = {AAPT},
  year      = {1999},
  author    = {Schroeder, Daniel V},
  timestamp = {2018.05.13},
}

@InCollection{Santos1974,
  author    = {Santos, Gabriel},
  title     = {Mineral distribution and geological features of the Philippines},
  booktitle = {Metallogenetische und Geochemische Provinzen/Metallogenetic and Geochemical Provinces},
  publisher = {Springer},
  year      = {1974},
  pages     = {89--105},
  timestamp = {2018.05.13},
}

@InBook{Song:2017,
  chapter   = {missing},
  pages     = {miaainf},
  title     = {Food Security in the Republic of Korea and the Democratic People's Republic of Korea: Why the difference?},
  publisher = {Asian Development Bank,},
  year      = {2017},
  author    = {Joo-Ho Song and Tae-Jin Kwon},
  address   = {[Place of publication not identified] :},
  booktitle = {Food Insecurity in Asia: Why institutions matter.},
  database  = {WorldCat.org},
  issn      = {4899740735 9784899740735},
  language  = {English},
  owner     = {MLH},
  timestamp = {2018.05.13},
}

% TTTTTTTTTTTTTTTTTTTTTTTTTTTTTTTTTTTTTTTTTTTTTTTTT

@article{tolera2017spatial,
  title={Spatial assessment of groundwater quality in the Jangseong region, South Korea},
  author={Tolera, Mesfin Benti and Park, Seunghyuk and Chang, Sun Woo and Chung, Il-Moon},
  journal={Environmental Earth Sciences},
  volume={76},
  number={15},
  pages={545},
  year={2017},
  publisher={Springer}
}

@Book{Thorndike1976,
  title     = {Energy and Environment: a Primer for Scientists and Engineers},
  publisher = {Addison-Wesley Publishing Company, Reading, MA},
  year      = {1976},
  author    = {Thorndike, Edward H},
  timestamp = {2018.05.13},
}

@Book{Townsend2010,
  title     = {Quantum Physics: A Fundamental Approach to Modern Physics},
  publisher = {University Science Books},
  year      = {2010},
  author    = {Townsend, John S},
  timestamp = {2018.05.13},
}

@Book{Townsend2000,
  title     = {A Modern Approach to Quantum Mechanics},
  publisher = {University Science Books},
  year      = {2000},
  author    = {Townsend, John S},
  timestamp = {2018.05.13},
}


@article{tubiello2015contribution,
  title={The contribution of agriculture, forestry and other land use activities to global warming, 1990--2012},
  author={Tubiello, Francesco N and Salvatore, Mirella and Ferrara, Alessandro F and House, Jo and Federici, Sandro and Rossi, Simone and Biancalani, Riccardo and Condor Golec, Rocio D and Jacobs, Heather and Flammini, Alessandro and others},
  journal={Global change biology},
  volume={21},
  number={7},
  pages={2655--2660},
  year={2015},
  publisher={Wiley Online Library}
}

% YYYYYYYYYYYYYYYYYYYYYYYYYYYYYYYYYYYYYYYYYYYYYYYYY

@article{yoo2016estimation,
  title={Estimation of potential water requirements using water footprint for the target of food self-sufficiency in South Korea},
  author={Yoo, Seung-Hwan and Lee, Sang-Hyun and Choi, Jin-Yong and Im, Jeong-Bin},
  journal={Paddy and water environment},
  volume={14},
  number={1},
  pages={259--269},
  year={2016},
  publisher={Springer}
}

@article{youngchul2006experiences,
  title={Experiences with constructed wetland systems in Korea},
  author={Youngchul, Kim and Gilson, Hwang and Jin-Woo, Lee and Je-Chul, Park and Dong-Sup, Kim and Min-Gi, Kang and In-Soung, Chang},
  journal={Journal of Ocean University of China},
  volume={5},
  number={4},
  pages={345--350},
  year={2006},
  publisher={Springer}
}

@article{yu2007rise,
  title={The rise and demise of industrial agriculture in North Korea},
  author={Yu, Chong-Ae},
  journal={Journal of Korean Studies},
  volume={12},
  number={1},
  pages={75--109},
  year={2007},
  publisher={Columbia University, The Center for Korean Research in the Weatherhead East Asian Institute}
}

% WWWWWWWWWWWWWWWWWWWWWWWWWWWWWWWWWWWWWWWWwwwww

@Article{Wielicki2005,
  author    = {Wielicki, Bruce A and Wong, Takmeng and Loeb, Norman and Minnis, Patrick and Priestley, Kory and Kandel, Robert},
  title     = {Changes in Earth's albedo measured by satellite},
  journal   = {Science},
  year      = {2005},
  volume    = {308},
  number    = {5723},
  pages     = {825--825},
  publisher = {American Association for the Advancement of Science},
  timestamp = {2018.05.13},
}

@article{willer2014current,
  title={Current statistics on organic agriculture worldwide: Organic area, producers and market},
  author={Willer, Helga and Lernoud, Julia and Schlatter, Bernhard},
  journal={The world of organic agriculture statistics and emerging trends},
  pages={33--124},
  year={2014}
}

%ZZZZZZZZZZZZZZZZZZZZZZZZZZZZZZZZZZZZZZZZZZZZZZZZZZZZZZZzz

@book{zhou2017food,
  title={Food Insecurity in Asia: Why Institutions Matter},
  author={Zhou, Zhang-Yue},
  year={2017},
  publisher={Asian Development Bank}
}

@article{zhao2005late,
  title={Late Archean to Paleoproterozoic evolution of the North China Craton: key issues revisited},
  author={Zhao, Guochun and Sun, Min and Wilde, Simon A and Sanzhong, Li},
  journal={Precambrian Research},
  volume={136},
  number={2},
  pages={177--202},
  year={2005},
  publisher={Elsevier}
}

@article{zhao2013lithotectonic,
  title={Lithotectonic elements of Precambrian basement in the North China Craton: review and tectonic implications},
  author={Zhao, Guochun and Zhai, Mingguo},
  journal={Gondwana Research},
  volume={23},
  number={4},
  pages={1207--1240},
  year={2013},
  publisher={Elsevier}
}

@article{ritnim2011influence,
  title={Influence of environmental factors on abundance and temporal variation of benthic fauna resources in the eutrophic Tha Chin estuary, Samut Sakhon province, Thailand},
  author={Ritnim, Nittaya and Meksumpun, Charumas},
  journal={Water Science and Technology},
  volume={64},
  number={6},
  pages={1261--1269},
  year={2011},
  publisher={IWA Publishing}
}

@article{kristensen1991benthic,
  title={Benthic metabolism and sulfate reduction in a southeast Asian mangrove swamp},
  author={Kristensen, Erik and Holmer, Marianne and Bussarawit, Nipavan},
  journal={Marine Ecology Progress Series},
  pages={93--103},
  year={1991},
  publisher={JSTOR}
}


@article{aluri2013reproductive,
  title={Reproductive Ecology of Acanthus ilicifolius L. a Non-Viviparous Mangrove Associate in Coringa Mangrove Forest Andhra Pradesh (India)},
  author={Aluri, Jacob Solomon Raju and Bethapudi, Rajesh and Chappidi, Prasada Rao},
  journal={Transylvanian Review of Systematical and Ecological Research},
  volume={19},
  number={3},
  pages={17--28},
  year={2017},
  publisher={De Gruyter Open}
}


@article{friedrich2002benthic,
  title={Benthic nutrient cycling and diagenetic pathways in the north-western Black Sea},
  author={Friedrich, Jana and Dinkel, Christian and Friedl, G and Pimenov, N and Wijsman, J and Gomoiu, M-T and Cociasu, A and Popa, L and Wehrl},  
  journal={Estuarine, Coastal and Shelf Science},
  volume={54},
  number={3},
  pages={369--383},
  year={2002},
  publisher={Elsevier}
}


@article{kristensen2000carbon,
  title={Carbon and nitrogen mineralization in sediments of the Bangrong mangrove area, Phuket, Thailand},
  author={Kristensen, Erik and Andersen, Frede {\O} and Holmboe, Nikolaj and Holmer, Marianne and Thongtham, Nalinee},
  journal={Aquatic Microbial Ecology},
  volume={22},
  number={2},
  pages={199--213},
  year={2000}
}

@Article{handayani2015migration,
  author    = {Handayani, Wiwandari and Kumalasari, Novia Riska},
  title     = {Migration as Future Adaptive Capacity: The Case of Java, Indonesia},
  journal   = {Journal Title Missing!},
  year      = {Missing Year},
  pages     = {117--138},
  booktitle = {Environmental Change, Adaptation and Migration},
  date      = {2015},
  publisher = {Springer},
}


@article{naylor2000effect,
  title={Effect of aquaculture on world fish supplies},
  author={Naylor, Rosamond L and Goldburg, Rebecca J and Primavera, Jurgenne H and Kautsky, Nils and Beveridge, Malcolm CM and Clay, Jason and Folke, Carl and Lubchenco, Jane and Mooney, Harold and Troell, Max},
  journal={Nature},
  volume={405},
  number={6790},
  pages={1017},
  year={2000},
  publisher={Nature Publishing Group}
}


@article{hoegh1999climate,
  title={Climate change, coral bleaching and the future of the world's coral reefs},
  author={Hoegh-Guldberg, Ove},
  journal={Marine and freshwater research},
  volume={50},
  number={8},
  pages={839--866},
  year={1999},
  publisher={CSIRO}
}


@article{valiela2001mangrove,
  title={Mangrove Forests: One of the World's Threatened Major Tropical Environments: At least 35\% of the area of mangrove forests has been lost in the past two decades, losses that exceed those for tropical rain forests and coral reefs, two other well-known threatened environments},
  author={Valiela, Ivan and Bowen, Jennifer L and York, Joanna K},
  journal={Bioscience},
  volume={51},
  number={10},
  pages={807--815},
  year={2001},
  publisher={BioOne}
}


@article{polgar2009species,
  title={Species-area relationship and potential role as a biomonitor of mangrove communities of Malayan mudskippers},
  author={Polgar, Gianluca},
  journal={Wetlands ecology and management},
  volume={17},
  number={2},
  pages={157},
  year={2009},
  publisher={Springer}
}


@article{ge1999reproductive,
  title={Reproductive biology and genetic diversity of a cryptoviviparous mangrove Aegiceras corniculatum (Myrsinaceae) using allozyme and intersimple sequence repeat (ISSR) analysis},
  author={Ge, XJ and Sun, M},
  journal={Molecular Ecology},
  volume={8},
  number={12},
  pages={2061--2069},
  year={1999},
  publisher={Wiley Online Library}
}


@article{lee1998ecological,
  title={Ecological role of grapsid crabs in mangrove ecosystems: a review},
  author={Lee, SY},
  journal={Marine and freshwater research},
  volume={49},
  number={4},
  pages={335--343},
  year={1998},
  publisher={CSIRO}
}

@article{spooner2009benthic,
  title={Benthic sediment composition and nutrient cycling in an Intermittently Closed and Open Lake Lagoon},
  author={Spooner, DR and Maher, W},
  journal={Journal of Marine Systems},
  volume={75},
  number={1-2},
  pages={33--45},
  year={2009},
  publisher={Elsevier}
}

@article{duarte2010seagrass,
  title={Seagrass community metabolism: Assessing the carbon sink capacity of seagrass meadows},
  author={Duarte, Carlos M and Marb{\`a}, N{\'u}ria and Gacia, Esperan{\c{c}}a and Fourqurean, James W and Beggins, Jeff and Barr{\'o}n, Cristina and Apostolaki, Eugenia T},
  journal={Global Biogeochemical Cycles},
  volume={24},
  number={4},
  year={2010},
  publisher={Wiley Online Library}
}



@article{nakaoka2002impacts,
  title={Impacts of dugong foraging on benthic animal communities in a Thailand seagrass bed},
  author={Nakaoka, Masahiro and Mukai, Hiroshi and Chunhabundit, Suraphol},
  journal={Ecological Research},
  volume={17},
  number={6},
  pages={625--638},
  year={2002},
  publisher={Wiley Online Library}
}


@article{hines2005community,
  title={Community perspectives and conservation needs for dugongs (Dugong dugon) along the Andaman coast of Thailand},
  author={Hines, Ellen and Adulyanukosol, Kanjana and Duffus, Dave and Dearden, Philip},
  journal={Environmental Management},
  volume={36},
  number={5},
  pages={654--664},
  year={2005},
  publisher={Springer}
}


@article{ewel1998different,
  title={Different kinds of mangrove forests provide different goods and services},
  author={Ewel, Katherine and TWILLEY, ROBERT and Ong, JIN},
  journal={Global Ecology \& Biogeography Letters},
  volume={7},
  number={1},
  pages={83--94},
  year={1998},
  publisher={Wiley Online Library}
}

@article{donato2011mangroves,
  title={Mangroves among the most carbon-rich forests in the tropics},
  author={Donato, Daniel C and Kauffman, J Boone and Murdiyarso, Daniel and Kurnianto, Sofyan and Stidham, Melanie and Kanninen, Markku},
  journal={Nature geoscience},
  volume={4},
  number={5},
  pages={293},
  year={2011},
  publisher={Nature Publishing Group}
}

@article{alongi2012carbon,
  title={Carbon sequestration in mangrove forests},
  author={Alongi, Daniel M},
  journal={Carbon management},
  volume={3},
  number={3},
  pages={313--322},
  year={2012},
  publisher={Taylor \& Francis}
}

@article{van2002rocks,
  title={Rocks for crops: {A}grominerals of sub-{S}aharan {A}frica},
  author={Van Straaten, Peter},
  journal={MISSING JOURNAL NAME},
  year={2002},
  publisher={Citeseer}
}



@article{scholander1955micro,
  title={Micro gasometric determination of dissolved oxygen and nitrogen},
  author={Scholander, PF and Van Dam, L and Claff, C Lloyd and Kanwisher, JW},
  journal={The Biological Bulletin},
  volume={109},
  number={2},
  pages={328--334},
  year={1955},
  publisher={Marine Biological Laboratory}
}


@article{shukla2011nature,
  title={Nature and role of root exudates: efficacy in bioremediation},
  author={Shukla, Keshav Prasad and Sharma, Shivesh and Singh, Nand Kumar and Singh, Vasudha and Tiwari, Kirti and Singh, Sphoorti},
  journal={African Journal of Biotechnology},
  volume={10},
  number={48},
  pages={9717--9724},
  year={2011},
  publisher={Academic Journals (Kenya)}
}


@article{baetz2014root,
  title={Root exudates: the hidden part of plant defense},
  author={Baetz, Ulrike and Martinoia, Enrico},
  journal={Trends in Plant Science},
  volume={19},
  number={2},
  pages={90--98},
  year={2014},
  publisher={Elsevier}
}

@InProceedings{deBashana2012ThePC,
  author    = {Luz E. de-Bashana and Juan-Pablo Hernandeza and Yoav Bashana},
  title     = {The potential contribution of plant growth-promoting bacteria to reduce environmental degradation --- A comprehensive evaluation},
  booktitle = {booktitle missing!},
  year      = {2012},
  editor    = {need editors for proceedings},
  volume    = {?},
  number    = {?},
  pages     = {??--??},
  publisher = {publisher},
}


@article{mccutcheon2003overview,
  title={Overview of phytotransformation and control of wastes},
  author={McCutcheon, SC and Schnoor, JL},
  journal={Phytoremediation: Transformation and control of contaminants},
  volume={358},
  year={2003},
  publisher={Wiley New York}
}

@Book{dodds2002freshwater,
  title     = {Freshwater ecology: concepts and environmental applications},
  publisher = {Academic press},
  year      = {2002},
  author    = {Dodds, Walter K},
}


@article{turley2000bacteria,
  title={Bacteria in the cold deep-sea benthic boundary layer and sediment—water interface of the NE Atlantic},
  author={Turley, Carol},
  journal={FEMS microbiology ecology},
  volume={33},
  number={2},
  pages={89--99},
  year={2000},
  publisher={Blackwell Publishing Ltd Oxford, UK}
}

@article{jorgensen1980seasonal,
  title={Seasonal oxygen depletion in the bottom waters of a Danish fjord and its effect on the benthic community},
  author={J{\o}rgensen, Bo Barker},
  journal={Oikos},
  pages={68--76},
  year={1980},
  publisher={JSTOR}
}



@article{maie2008mangrove,
  title={Mangrove tannins in aquatic ecosystems: Their fate and possible influence on dissolved organic carbon and nitrogen cycling},
  author={Maie, Nagamitsu and Pisani, Oliva and Jaff{\'e}, Rudolf},
  journal={Limnology and Oceanography},
  volume={53},
  number={1},
  pages={160--171},
  year={2008},
  publisher={Wiley Online Library}
}

@article{selvam2004ecology,
  title={Ecology and biology of mangroves},
  author={Selvam, V and Karunagaran, VM},
  journal={MS Swaminathan Research Foundation, Chennai, 61pp},
  year={2004}
}

@article{bashan2008environmental,
  title={Environmental uses of plant growth-promoting bacteria},
  author={Bashan, Yoav and Puente, M Esther and de-Bashan, Luz E and Hernandez, Juan-Pablo},
  journal={Plant-Microbe interactions. Research Signpost, Trivandrum, Kerala, India},
  pages={69--93},
  year={2008}
}

@incollection{naito2014relationship,
  title={The Relationship Between Mangrove Deforestation and Economic Development in Thailand},
  author={Naito, Toyokazu and Traesupap, Suphakarn},
  booktitle={Mangrove Ecosystems of Asia},
  pages={273--294},
  year={2014},
  publisher={Springer}
}

@article{chambers2011aquaculture,
  title={Aquaculture in Thailand: Economic pressures versus ecological health},
  author={Chambers, Carson and Ferdig, Alexa},
  journal={Westminster College’s Thailand May Term Blog, Thailand},
  year={2011}
}

@article{trisurat2006community,
  title={Community-based wetland management in northern Thailand},
  author={Trisurat, Yongyut},
  journal={International Journal of Environmental, Cultural, Economic and Social Sustainability},
  volume={2},
  number={1},
  pages={49--62},
  year={2006}
}

@article{aksornkoae2004overview,
  title={Overview of shrimp farming and mangrove loss in Thailand.},
  author={Aksornkoae, Sanit and Tokrisna, Ruangrai and Barbier, EB and Sathirathai, S and others},
  journal={Shrimp farming and mangrove loss in Thailand},
  pages={37--51},
  year={2004},
  publisher={Edward Elgar Publishing Ltd}
}

@article{vaiphasa2007impact,
  title={Impact of solid shrimp pond waste materials on mangrove growth and mortality: a case study from Pak Phanang, Thailand},
  author={Vaiphasa, C and De Boer, WF and Skidmore, AK and Panitchart, S and Vaiphasa, T and Bamrongrugsa, N and Santitamnont, P},
  journal={Hydrobiologia},
  volume={591},
  number={1},
  pages={47--57},
  year={2007},
  publisher={Springer}
}

@Comment{jabref-meta: databaseType:bibtex;}
